@article{Fisk2006,
author = {Fisk, L. A. and Gloeckler, George},
year = {2006},
month = {12},
pages = {L79},
title = {The Common Spectrum for Accelerated Ions in the Quiet-Time Solar Wind},
volume = {640},
journal = {The Astrophysical Journal Letters},
doi = {10.1086/503293}
}

@article{Fisk2008,
  doi = {10.1086/591543},
  url = {https://doi.org/10.1086/591543},
  year = {2008},
  month = oct,
  publisher = {{IOP} Publishing},
  volume = {686},
  number = {2},
  pages = {1466--1473},
  author = {L. A. Fisk and G. Gloeckler},
  title = {Acceleration of Suprathermal Tails in the Solar Wind},
  journal = {The Astrophysical Journal}
}

@article{Gloeckler2000,
author = {Gloeckler,George  and Fisk,Lennard A.  and Zurbuchen,Thomas H.  and Schwadron,Nathan A. },
title = {Sources, injection and acceleration of heliospheric ion populations},
journal = {AIP Conference Proceedings},
volume = {528},
number = {1},
pages = {221-228},
year = {2000},
doi = {10.1063/1.1324316},
URL = { 
        https://aip.scitation.org/doi/abs/10.1063/1.1324316
    
},
eprint = { 
        https://aip.scitation.org/doi/pdf/10.1063/1.1324316
    
}
}

@article{Cohen2020,
  doi = {10.3847/1538-4365/ab4c38},
  url = {https://doi.org/10.3847/1538-4365/ab4c38},
  year = {2020},
  month = feb,
  publisher = {American Astronomical Society},
  volume = {246},
  number = {2},
  pages = {20},
  author = {C. M. S. Cohen and E. R. Christian and A. C. Cummings and A. J. Davis and M. I. Desai and J. Giacalone and M. E. Hill and C. J. Joyce and A. W. Labrador and R. A. Leske and W. H. Matthaeus and D. J. McComas and R. L. McNutt and R. A. Mewaldt and D. G. Mitchell and J. S. Rankin and E. C. Roelof and N. A. Schwadron and E. C. Stone and J. R. Szalay and M. E. Wiedenbeck and R. C. Allen and G. C. Ho and L. K. Jian and D. Lario and D. Odstrcil and S. D. Bale and S. T. Badman and M. Pulupa and R. J. MacDowall and J. C. Kasper and A. W. Case and K. E. Korreck and D. E. Larson and Roberto Livi and M. L. Stevens and Phyllis Whittlesey},
  title = {Energetic Particle Increases Associated with Stream Interaction Regions},
  journal = {The Astrophysical Journal Supplement Series}
}

@article{McComas2014,
  doi = {10.1007/s11214-014-0059-1},
  url = {https://doi.org/10.1007/s11214-014-0059-1},
  year = {2014},
  month = jul,
  publisher = {Springer Science and Business Media {LLC}},
  volume = {204},
  number = {1-4},
  pages = {187--256},
  author = {D. J. McComas and N. Alexander and N. Angold and S. Bale and C. Beebe and B. Birdwell and M. Boyle and J. M. Burgum and J. A. Burnham and E. R. Christian and W. R. Cook and S. A. Cooper and A. C. Cummings and A. J. Davis and M. I. Desai and J. Dickinson and G. Dirks and D. H. Do and N. Fox and J. Giacalone and R. E. Gold and R. S. Gurnee and J. R. Hayes and M. E. Hill and J. C. Kasper and B. Kecman and J. Klemic and S. M. Krimigis and A. W. Labrador and R. S. Layman and R. A. Leske and S. Livi and W. H. Matthaeus and R. L. McNutt and R. A. Mewaldt and D. G. Mitchell and K. S. Nelson and C. Parker and J. S. Rankin and E. C. Roelof and N. A. Schwadron and H. Seifert and S. Shuman and M. R. Stokes and E. C. Stone and J. D. Vandegriff and M. Velli and T. T. von Rosenvinge and S. E. Weidner and M. E. Wiedenbeck and P. Wilson},
  title = {Integrated Science Investigation of the Sun ({ISIS}): Design of the Energetic Particle Investigation},
  journal = {Space Science Reviews}
}

@article{Fisk2012,
  doi = {10.1007/s11214-012-9899-8},
  url = {https://doi.org/10.1007/s11214-012-9899-8},
  year = {2012},
  month = jun,
  publisher = {Springer Science and Business Media {LLC}},
  volume = {173},
  number = {1-4},
  pages = {433--458},
  author = {L. A. Fisk and G. Gloeckler},
  title = {Particle Acceleration in the Heliosphere: Implications for Astrophysics},
  journal = {Space Science Reviews}
}

@article{McComas2007,
  doi = {10.1029/2006rg000195},
  url = {https://doi.org/10.1029/2006rg000195},
  year = {2007},
  month = mar,
  publisher = {American Geophysical Union ({AGU})},
  volume = {45},
  number = {1},
  author = {D. J. McComas and M. Velli and W. S. Lewis and L. W. Acton and M. Balat-Pichelin and V. Bothmer and R. B. Dirling and W. C. Feldman and G. Gloeckler and S. R. Habbal and D. M. Hassler and I. Mann and W. H. Matthaeus and R. L. McNutt and R. A. Mewaldt and N. Murphy and L. Ofman and E. C. Sittler and C. W. Smith and T. H. Zurbuchen},
  title = {Understanding coronal heating and solar wind acceleration: Case for in situ near-Sun measurements},
  journal = {Reviews of Geophysics}
}

@inproceedings{Mewaldt2012,
  doi = {10.1063/1.4768755},
  url = {https://doi.org/10.1063/1.4768755},
  year = {2012},
  publisher = {{AIP}},
  author = {R. A. Mewaldt and G. M. Mason and C. M. S. Cohen},
  title = {The dependence of solar energetic particle fluences on suprathermal seed-particle densities}
}

@article{Desai2016,
  doi = {10.1007/s41116-016-0002-5},
  url = {https://doi.org/10.1007/s41116-016-0002-5},
  year = {2016},
  month = sep,
  publisher = {Springer Science and Business Media {LLC}},
  volume = {13},
  number = {1},
  author = {Mihir Desai and Joe Giacalone},
  title = {Large gradual solar energetic particle events},
  journal = {Living Reviews in Solar Physics}
}

@article{Giacalone2002,
  doi = {10.1086/340660},
  url = {https://doi.org/10.1086/340660},
  year = {2002},
  month = jul,
  publisher = {{IOP} Publishing},
  volume = {573},
  number = {2},
  pages = {845--850},
  author = {J. Giacalone and J. R. Jokipii and J. Kota},
  title = {Particle Acceleration in Solar Wind Compression Regions},
  journal = {The Astrophysical Journal}
}

@article{Schwadron1996,
  doi = {10.1029/96gl02833},
  url = {https://doi.org/10.1029/96gl02833},
  year = {1996},
  month = oct,
  publisher = {American Geophysical Union ({AGU})},
  volume = {23},
  number = {21},
  pages = {2871--2874},
  author = {N. A. Schwadron and L. A. Fisk and G. Gloeckler},
  title = {Statistical acceleration of interstellar pick-up ions in co-rotating interaction regions},
  journal = {Geophysical Research Letters}
}
